<?xml version="1.0" encoding="UTF-8"?><collection xmlns="http://www.loc.gov/MARC21/slim"><record><leader>00518nam--2200169-i-4500</leader><controlfield tag="001">000010041</controlfield><controlfield tag="002">20161230</controlfield><controlfield tag="005">20170107172659</controlfield><controlfield tag="008">060222s1000------------r-----000-0-rus-d</controlfield><datafield ind1=" " ind2=" " tag="041"><subfield code="a">rus</subfield></datafield><datafield ind1=" " ind2=" " tag="080"><subfield code="a">512.831:53.081</subfield></datafield><datafield ind1="1" ind2=" " tag="100"><subfield code="a">Karazia, R.I</subfield></datafield><datafield ind1="1" ind2="0" tag="245"><subfield code="a">Tabliti dlia rasceta matricinih elementov operatorov atomih velicin</subfield><subfield code="c">R.I. Karazia, Ia.I. Vizbaraite, Z.B. Rudzijas, A.P. Iutis</subfield></datafield><datafield ind1=" " ind2=" " tag="260"><subfield code="a">Moskva</subfield><subfield code="b">Akademia Nauk SSSR</subfield><subfield code="c">1972</subfield></datafield><datafield ind1=" " ind2=" " tag="300"><subfield code="a">103 p.+ANEXE</subfield></datafield><datafield ind1=" " ind2=" " tag="852"><subfield code="a">37902</subfield><subfield code="c">53.081</subfield></datafield><datafield ind1=" " ind2=" " tag="CAT"><subfield code="a">SYS</subfield><subfield code="c">20170107</subfield><subfield code="h">172659</subfield></datafield></record></collection>